@misc{Document63:online,
author = {},
title = {Documentation | Akka},
howpublished = {\url{https://akka.io/docs/}},
month = {},
year = {},
note = {(Accessed on 05/07/2022)}
}